@misc{pixabay, 
Author = {janjf93},
Title = {},
HOWPUBLISHED = "Website",
  NOTE         = "Online erh√§ltlich unter
                  \url{https://pixabay.com/de/vectors/gui-interface-internet-programm-2457113/}."
}